@Manual{R-base,
  title = {R: A Language and Environment for Statistical Computing},
  author = {{R Core Team}},
  organization = {R Foundation for Statistical Computing},
  address = {Vienna, Austria},
  year = {2024},
  url = {https://www.R-project.org/},
}

@Manual{R-knitr,
  title = {knitr: A General-Purpose Package for Dynamic Report Generation in R},
  author = {Yihui Xie},
  year = {2024},
  note = {R package version 1.49},
  url = {https://yihui.org/knitr/},
}

@Manual{R-rmarkdown,
  title = {rmarkdown: Dynamic Documents for R},
  author = {JJ Allaire and Yihui Xie and Christophe Dervieux and Jonathan McPherson and Javier Luraschi and Kevin Ushey and Aron Atkins and Hadley Wickham and Joe Cheng and Winston Chang and Richard Iannone},
  year = {2024},
  note = {R package version 2.29},
  url = {https://github.com/rstudio/rmarkdown},
}

@Manual{R-scan,
  title = {scan: Single-Case Data Analyses for Single and Multiple Baseline Designs},
  author = {Juergen Wilbert and Timo Lueke},
  year = {2025},
  note = {R package version 0.62.999},
  url = {https://github.com/jazznbass/scan/},
}

@Manual{R-scplot,
  title = {scplot: Plot Function for Single-Case Data Frames},
  author = {Juergen Wilbert},
  year = {2025},
  note = {R package version 0.5.1},
}

@Manual{R-tibble,
  title = {tibble: Simple Data Frames},
  author = {Kirill M端ller and Hadley Wickham},
  year = {2023},
  note = {R package version 3.2.1},
  url = {https://tibble.tidyverse.org/},
}

@Book{knitr2015,
  title = {Dynamic Documents with {R} and knitr},
  author = {Yihui Xie},
  publisher = {Chapman and Hall/CRC},
  address = {Boca Raton, Florida},
  year = {2015},
  edition = {2nd},
  note = {ISBN 978-1498716963},
  url = {https://yihui.org/knitr/},
}

@InCollection{knitr2014,
  booktitle = {Implementing Reproducible Computational Research},
  editor = {Victoria Stodden and Friedrich Leisch and Roger D. Peng},
  title = {knitr: A Comprehensive Tool for Reproducible Research in {R}},
  author = {Yihui Xie},
  publisher = {Chapman and Hall/CRC},
  year = {2014},
  note = {ISBN 978-1466561595},
}

@Book{rmarkdown2018,
  title = {R Markdown: The Definitive Guide},
  author = {Yihui Xie and J.J. Allaire and Garrett Grolemund},
  publisher = {Chapman and Hall/CRC},
  address = {Boca Raton, Florida},
  year = {2018},
  isbn = {9781138359338},
  url = {https://bookdown.org/yihui/rmarkdown},
}

@Book{rmarkdown2020,
  title = {R Markdown Cookbook},
  author = {Yihui Xie and Christophe Dervieux and Emily Riederer},
  publisher = {Chapman and Hall/CRC},
  address = {Boca Raton, Florida},
  year = {2020},
  isbn = {9780367563837},
  url = {https://bookdown.org/yihui/rmarkdown-cookbook},
}

@Misc{scan2025,
  title = {Scan: Single-Case Data Analyses for Single and Multiple Baseline Designs},
  shorttitle = {scan},
  publisher = {CRAN},
  author = {J端rgen Wilbert and Timo L端ke},
  year = {2025},
  url = {https://CRAN.R-project.org/package=scan},
}

@Misc{scplot2023,
  title = {scplot - Single-Case Data Plots},
  shorttitle = {scplot},
  publisher = {github},
  author = {J端rgen Wilbert},
  year = {2023},
  url = {https://github.com/jazznbass/scplot},
}

